<collection xmlns="http://www.loc.gov/MARC21/slim">
<record>
  <leader>00880nam0a22001811i 450 </leader>
  <controlfield tag="001">IT\ICCU\CNCE\062892</controlfield>
  <controlfield tag="005">20110308000000.0</controlfield>
  <datafield tag="100" ind1=" " ind2=" ">
    <subfield code="a">20051212d1558        0itac0103    ba</subfield>
  </datafield>
  <datafield tag="101" ind1=" " ind2=" ">
    <subfield code="a">ITA</subfield>
  </datafield>
  <datafield tag="102" ind1=" " ind2=" ">
    <subfield code="a">IT</subfield>
  </datafield>
  <datafield tag="200" ind1="1" ind2=" ">
    <subfield code="a">Splendore delle virtuose giouani doue si contengono molte, et varie mostre  ̉fogliami, cio ̈punti in aere, &amp; punti taglati \sic! bellissime, &amp; con tale artificio, che li punti tagliati seruino alli punti in aere, et da quella ch&apos; ̈sopragasi far si possono, medesimamente molte altre</subfield>
  </datafield>
  <datafield tag="210" ind1=" " ind2=" ">
    <subfield code="a">In Vinegia</subfield>
    <subfield code="c">appresso Iseppo Foresto in calle dell&apos;acque a san Zulian</subfield>
    <subfield code="d">all&apos;insegna del Pellegrino</subfield>
    <subfield code="d">1558</subfield>
  </datafield>
  <datafield tag="215" ind1=" " ind2=" ">
    <subfield code="a">\16! c.</subfield>
    <subfield code="c">tutte ill.</subfield>
    <subfield code="d">4ʻ</subfield>
  </datafield>
  <datafield tag="620" ind1=" " ind2=" ">
    <subfield code="a">IT</subfield>
    <subfield code="d">Venezia</subfield>
  </datafield>
  <datafield tag="712" ind1="0" ind2="0">
    <subfield code="a">Foresto, Giuseppe</subfield>
    <subfield code="3">IT\ICCU\CNCT\001262</subfield>
    <subfield code="4">650</subfield>
  </datafield>
  <datafield tag="791" ind1="0" ind2="0">
    <subfield code="a">Foresto, Iseppo</subfield>
    <subfield code="3">IT\ICCU\CNCT\005680</subfield>
    <subfield code="z">Foresto, Giuseppe</subfield>
  </datafield>
  <datafield tag="801" ind1=" " ind2="3">
    <subfield code="a">IT</subfield>
    <subfield code="b">ICCU</subfield>
    <subfield code="c">20201115</subfield>
  </datafield>
  <datafield tag="899" ind1=" " ind2=" ">
    <subfield code="a">British Library. London</subfield>
    <subfield code="1">UK0001</subfield>
  </datafield>
</record>
</collection>
